@misc{rita,
        author  = {rita},
        title   = {プログラムがメモリをどのように使うか理解する},
        note    = {\url{https://zenn.dev/rita0222/articles/e6ff75245d79b5}},
        year    = {2022}
}