@book{bertin2010,
 author = {Jacques Bertin},
 title = {Semiology of Graphics: Diagrams, Networks, Maps},
 publisher = {ESRI Press},
 year = {2010},
}

@inproceedings{holten2009,
 author = {Holten, Danny and van Wijk, Jarke J.},
 title = {A user study on visualizing directed edges in graphs},
 booktitle = {Proceedings of the SIGCHI Conference on Human Factors in Computing Systems},
 series = {CHI '09},
 year = {2009},
 isbn = {978-1-60558-246-7},
 location = {Boston, MA, USA},
 pages = {2299--2308},
 numpages = {10},
 url = {http://doi.acm.org/10.1145/1518701.1519054},
 doi = {10.1145/1518701.1519054},
 acmid = {1519054},
 publisher = {ACM},
 address = {New York, NY, USA},
 keywords = {curves, directed edges, graphs, information visualization, lines, user studies},
} 

@article{mackinlay1986,
 author = {Mackinlay, Jock},
 title = {Automating the design of graphical presentations of relational information},
 journal = {ACM Trans. Graph.},
 issue_date = {April 1986},
 volume = {5},
 number = {2},
 month = apr,
 year = {1986},
 issn = {0730-0301},
 pages = {110--141},
 numpages = {32},
 url = {http://doi.acm.org/10.1145/22949.22950},
 doi = {10.1145/22949.22950},
 acmid = {22950},
 publisher = {ACM},
 address = {New York, NY, USA},
} 

