@book{chiba,
author = "千葉雅也",

yomi = "Masaya Chiba",

title = "現代思想入門",

publisher = "講談社",

year = "2022/03/22",

}
@book{foo-koo,
author = "Michel Foucault",

title = "監獄の誕生",

publisher = "新潮社",

year = "1977/09/22"

}

@book{azuma,
author = "Hiroki Azuma",

title = "存在論的、郵便的-ジャックデリダについて",

publisher = "新潮社",

year = "1998/10/11"

}
