@misc{tab0,
        author  = {tab0},
        title   = {Latexにソースコードを貼る方法},
        note    = {\url{https://qiita.com/tab0/items/2619d5927492edbb5b03l}},
        year    = {2018}
}
